@book{Hutton,
    author    = "Charles Hutton",
    title     = "A Philosophical and Mathematical Dictionary",
    publisher = "Printed for the Author",
    volume   = "II",
    edition  = "2nd",
    year      = "1815"
}